<?xml version="1.0" encoding="UTF-8"?><collection xmlns="http://www.loc.gov/MARC21/slim"><record><leader>00448nam--2200181-i-4500</leader><controlfield tag="001">000041589</controlfield><controlfield tag="002">20161230</controlfield><controlfield tag="005">20161230201043</controlfield><controlfield tag="008">060222s1000------------r-----000-0-rum-d</controlfield><datafield ind1=" " ind2=" " tag="040"><subfield code="a">IFIN-HH</subfield></datafield><datafield ind1=" " ind2=" " tag="041"><subfield code="a">rum</subfield></datafield><datafield ind1="1" ind2=" " tag="100"><subfield code="a">Silas,Gh</subfield></datafield><datafield ind1="1" ind2="0" tag="245"><subfield code="a">Curs de mecanica teoretica</subfield><subfield code="c">Gh. Silas ; Al. Stoenescu</subfield></datafield><datafield ind1=" " ind2=" " tag="260"><subfield code="a">Bucuresti, Ed.Tehnica, 1957</subfield></datafield><datafield ind1=" " ind2=" " tag="300"><subfield code="a">484 P</subfield></datafield><datafield ind1=" " ind2=" " tag="700"><subfield code="a">Stoenescu, Gh</subfield></datafield><datafield ind1=" " ind2=" " tag="852"><subfield code="a">4696</subfield><subfield code="c">531</subfield></datafield><datafield ind1=" " ind2=" " tag="CAT"><subfield code="a">Sys</subfield><subfield code="c">20100528</subfield><subfield code="h">090003</subfield></datafield></record></collection>